<?xml version="1.0" encoding="UTF-8"?><record xmlns="http://www.loc.gov/MARC21/slim" xmlns:cinclude="http://apache.org/cocoon/include/1.0" xmlns:zs="http://www.loc.gov/zing/srw/">
  <leader>00639cz  a2200157n  4500</leader>
  <controlfield tag="001">n  82253792 </controlfield>
  <controlfield tag="003">DLC</controlfield>
  <controlfield tag="005">20130319161953.0</controlfield>
  <controlfield tag="008">840229n| azannaabn          |b ana     c</controlfield>
  <datafield tag="010" ind1=" " ind2=" ">
    <subfield code="a">n  82253792 </subfield>
  </datafield>
  <datafield tag="035" ind1=" " ind2=" ">
    <subfield code="a">(OCoLC)oca01076425</subfield>
  </datafield>
  <datafield tag="040" ind1=" " ind2=" ">
    <subfield code="a">DGPO</subfield>
    <subfield code="b">eng</subfield>
    <subfield code="e">rda</subfield>
    <subfield code="c">DLC</subfield>
    <subfield code="d">OCoLC</subfield>
    <subfield code="d">DLC</subfield>
  </datafield>
  <datafield tag="110" ind1="2" ind2=" ">
    <subfield code="a">Coppin State College.</subfield>
    <subfield code="b">Department of Rehabilitation Education</subfield>
  </datafield>
  <datafield tag="410" ind1="2" ind2=" ">
    <subfield code="w">nnea</subfield>
    <subfield code="a">Coppin State College.</subfield>
    <subfield code="b">Dept. of Rehabilitation Education</subfield>
  </datafield>
  <datafield tag="510" ind1="2" ind2=" ">
    <subfield code="w">r</subfield>
    <subfield code="i">Hierarchical superior:</subfield>
    <subfield code="a">Coppin State College</subfield>
  </datafield>
  <datafield tag="670" ind1=" " ind2=" ">
    <subfield code="a">Mitra, S.B. Validation criteria for job adjustment ..., 1980:</subfield>
    <subfield code="b">t.p. (Dept. of Rehabilitation Education, Coppin State College, Baltimore, MD)</subfield>
  </datafield>
</record>